% This file was created with Citavi 6.18.0.1

@misc{Import.2023,
 abstract = {Der innovative Allmatic-Schraubstock TeleSense 125 vereinfacht die 5-Achs-Bearbeitung},
 author = {Import, M. V.S.},
 year = {2023},
 title = {Innovativer Schraubstock vereinfacht 5-Achs-Bearbeitung},
 urldate = {07.03.2024}
}


