@article{westerholt2023simulation,
  title={A simulation study to explore inference about global {M}oran's $I$ with random spatial indexes},
  author={Westerholt, Ren√©},
  journal={Geographical Analysis},
  volume={55},
  number={4},
  pages={621--650},
  year={2023}
}